<record><leader>00000cas a22000007a 4500</leader><controlfield tag="001">11256589</controlfield><controlfield tag="008">841012c19849999akuwn ne      0   a0eng d</controlfield><datafield ind1=" " ind2=" " tag="010"><subfield code="a">sn 84002314 </subfield></datafield><datafield ind1=" " ind2=" " tag="040"><subfield code="a">NSD</subfield><subfield code="b">eng</subfield><subfield code="c">NSD</subfield><subfield code="d">ANE</subfield><subfield code="d">OCLCQ</subfield><subfield code="d">OCLCF</subfield><subfield code="d">OCLCO</subfield></datafield><datafield ind1=" " ind2=" " tag="012"><subfield code="k">1</subfield><subfield code="m">1</subfield></datafield><datafield ind1="1" ind2=" " tag="022"><subfield code="a">8750-3336</subfield><subfield code="l">8750-3336</subfield><subfield code="2">1</subfield></datafield><datafield ind1="1" ind2=" " tag="029"><subfield code="a">AU@</subfield><subfield code="b">000020339877</subfield></datafield><datafield ind1=" " ind2=" " tag="032"><subfield code="a">500290</subfield><subfield code="b">USPS</subfield></datafield><datafield ind1=" " ind2=" " tag="037"><subfield code="b">Chilkat Valley News, P.O. Box 630, Haines, AK 99827</subfield></datafield><datafield ind1=" " ind2=" " tag="042"><subfield code="a">nsdp</subfield><subfield code="a">msc</subfield></datafield><datafield ind1=" " ind2=" " tag="043"><subfield code="a">n-us-ak</subfield></datafield><datafield ind1="0" ind2=" " tag="130"><subfield code="a">Chilkat Valley news (Haines, Alaska : 1984)</subfield></datafield><datafield ind1=" " ind2="0" tag="222"><subfield code="a">Chilkat Valley news</subfield></datafield><datafield ind1="1" ind2="0" tag="245"><subfield code="a">Chilkat Valley news.</subfield></datafield><datafield ind1=" " ind2=" " tag="260"><subfield code="a">Haines, Alaska :</subfield><subfield code="b">R.R. Menaker,</subfield><subfield code="c">1984-</subfield></datafield><datafield ind1=" " ind2=" " tag="310"><subfield code="a">Weekly (except last two weeks of Dec., first week of Jan.)</subfield></datafield><datafield ind1="0" ind2=" " tag="362"><subfield code="a">Vol. 14, no. 1 (July 5, 1984)-</subfield></datafield><datafield ind1=" " ind2=" " tag="500"><subfield code="a">"Serving Haines and Klukwan, Alaska."</subfield></datafield><datafield ind1=" " ind2=" " tag="515"><subfield code="a">Carries the vol. numbering of the former: Chilkat Valley news (Haines, Alaska).</subfield></datafield><datafield ind1=" " ind2=" " tag="588"><subfield code="a">Latest issue consulted: Vol. 21, no. 49 (Dec. 12, 1991).</subfield></datafield><datafield ind1=" " ind2="0" tag="651"><subfield code="a">Haines (Alaska)</subfield><subfield code="v">Newspapers.</subfield></datafield><datafield ind1=" " ind2="7" tag="655"><subfield code="a">Newspapers.</subfield><subfield code="2">fast</subfield><subfield code="0">(OCoLC)fst01423814</subfield></datafield><datafield ind1=" " ind2="7" tag="651"><subfield code="a">Alaska</subfield><subfield code="z">Haines.</subfield><subfield code="2">fast</subfield><subfield code="0">(OCoLC)fst01207242</subfield></datafield><datafield ind1=" " ind2=" " tag="752"><subfield code="a">United States</subfield><subfield code="b">Alaska</subfield><subfield code="d">Haines.</subfield></datafield><datafield ind1=" " ind2=" " tag="752"><subfield code="a">United States</subfield><subfield code="b">Alaska</subfield><subfield code="d">Klukwan.</subfield></datafield><datafield ind1="0" ind2="0" tag="780"><subfield code="t">Lynn Canal news</subfield><subfield code="w">(DLC)sn 94050076</subfield><subfield code="w">(OCoLC)31051380</subfield></datafield></record>